@incollection{alba2002comparing,
  title={Comparing synchronous and asynchronous cellular genetic algorithms},
  author={Alba, Enrique and Giacobini, Mario and Tomassini, Marco and Romero, Sergio},
  booktitle={Parallel Problem Solving from Nature -- PPSN VII},
  pages={601--610},
  year={2002},
  publisher={Springer}
}